<record><leader>00000cas a22000007a 4500</leader><controlfield tag="001">13291337</controlfield><controlfield tag="008">860313c19679999wvuwr ne      0    0eng d</controlfield><datafield ind1=" " ind2=" " tag="010"><subfield code="a">sn 86092367 </subfield></datafield><datafield ind1=" " ind2=" " tag="040"><subfield code="a">WVC</subfield><subfield code="b">eng</subfield><subfield code="c">WVC</subfield><subfield code="d">OCL</subfield><subfield code="d">OCLCQ</subfield></datafield><datafield ind1=" " ind2=" " tag="042"><subfield code="a">msc</subfield></datafield><datafield ind1="0" ind2=" " tag="130"><subfield code="a">Tyler County journal (Paden City, W. Va.)</subfield></datafield><datafield ind1="1" ind2="0" tag="245"><subfield code="a">Tyler County journal.</subfield></datafield><datafield ind1=" " ind2=" " tag="260"><subfield code="a">Paden City, W. Va. :</subfield><subfield code="b">[s.n.],</subfield><subfield code="c">1967-</subfield></datafield><datafield ind1=" " ind2=" " tag="300"><subfield code="a">v.</subfield></datafield><datafield ind1=" " ind2=" " tag="310"><subfield code="a">Weekly</subfield></datafield><datafield ind1="0" ind2=" " tag="362"><subfield code="a">Oct. 25, 1967-</subfield></datafield><datafield ind1=" " ind2=" " tag="500"><subfield code="a">Published in Sistersville, W. Va. Aug. 11, 1967-date.</subfield></datafield><datafield ind1=" " ind2=" " tag="515"><subfield code="a">No volume numbering.</subfield></datafield><datafield ind1=" " ind2=" " tag="515"><subfield code="a">Publication suspended in Dec., 1983 due to a fire in the office.</subfield></datafield><datafield ind1=" " ind2=" " tag="752"><subfield code="a">United States</subfield><subfield code="b">West Virginia</subfield><subfield code="c">Tyler</subfield><subfield code="d">Paden City.</subfield></datafield><datafield ind1="0" ind2="0" tag="780"><subfield code="t">Journal (Paden City, W. Va.)</subfield><subfield code="w">(DLC)sn 86092366</subfield></datafield></record>